@misc{dataset,
  author       = {Ahmed, Marzia},
  title        = {{Maternal Health Risk}},
  year         = {2020},
  howpublished = {UCI Machine Learning Repository},
  note         = {{DOI}: https://doi.org/10.24432/C5DP5D}
}

@article{Bajaj-2023, 
  title={Risk level prediction for maternal health using machine learning algorithms}, 
  DOI={10.1109/iccsai59793.2023.10421156}, 
  journal={2023 International Conference on Communication, Security and Artificial Intelligence (ICCSAI)}, 
  author={Bajaj, Disha and Kumari, Ritika and Bansal, Poonam}, 
  year={2023}, 
  month={Nov}, 
  pages={405–409}} 

@article{Mu-2023, 
  title={Prediction of maternal health risk based on physiological indicators}, 
  DOI={10.1145/3644116.3644212}, 
  journal={Proceedings of the 2023 4th International Symposium on Artificial Intelligence for Medicine Science}, 
  author={Mu, Chenyu and Yan, Zexuan and Zhu, Yidi}, 
  year={2023}, 
  month={Oct}, 
  pages={578–584}} 

@article{Ukrit-2024, 
  title={Maternal health risk prediction with machine learning methods}, 
  DOI={10.1109/ic-etite58242.2024.10493737}, 
  journal={2024 Second International Conference on Emerging Trends in Information Technology and Engineering (ICETITE)}, 
  author={Ukrit, M.Ferni and Jeyavathana, R. Beaulah and Rani, Aluru Leela and Chandana, Vasa}, 
  year={2024}, 
  month={Feb}, 
  pages={1–9}} 

@misc{who-2024, 
  author={{WHO}},  
  title={Maternal Mortality Fact Sheet},
  year={2024}, 
  month={Apr},  
  url={https://www.who.int/news-room/fact-sheets/detail/maternal-mortality}, 
  publisher={World Health Organization}
}

@misc{who-2025, 
  author={{WHO}}, 
  title={Maternal Health},
  year={2025}, 
  url={https://www.who.int/health-topics/maternal-health#tab=tab_1}, 
  publisher={World Health Organization}
}